@article{TURING01,
  author    = "Alan Turing",
  journal   = "Mind",
  title     = "Computing Machinery and Intelligence",
  URL       = "http://www.csee.umbc.edu/courses/471/papers/turing.pdf",
  year      = 1950
}
@article{CHO01,
  author    = "Moon-Haeng Cho; Jae-Seok Lim; Cheol-Hoon Lee",
  journal   = "IEEE Transactions on Consumer Electronics",
  month     = "May",
  pages     = "1015 - 1019",
  title     = "eRTOS : The low-power real-time operating system for wearable computers",
  URL       = "http://ieeexplore.ieee.org/stamp/stamp.jsp?arnumber=5156939",
  year      = 2009
}
@article{BECKER01,
  author    = "Becker, L.B.; Wehrmeister, M.A.; Pereira, C.E.",
  journal   = "Integrated Circuits and Systems Design",
  month     = "September",
  pages     = "169 - 174",
  title     = "Power and performance tuning in the synthesis of real-time scheduling algorithms for embedded applications",
  URL       = "http://ieeexplore.ieee.org/stamp/stamp.jsp?arnumber=1360564",
  year      = 2004
}
@article{PADM01,
  author    = "Padmanabhan Pillai; Kang G. Shin",
  journal   = "ACM symposium on Operating systems principles",
  month     = "December",
  pages     = "89 - 102",
  title     = "Real-Time Dynamic Voltage Scaling for Low-Power Embedded Operating Systems",
  URL       = "http://dl.acm.org/citation.cfm?id=502044",
  year      = 2001
}
@article{SIND01,
  author    = "Sindia, S.; Lim, A.S.; Song Gao; Agrawal, V.; Black, B.; Agrawal, P.",
  journal   = "45th Southeastern Symposium on System Theory",
  month     = "March",
  pages     = "129 - 134",
  title     = "MobSched: Customizable scheduler for mobile cloud computing",
  URL       = "http://ieeexplore.ieee.org/stamp/stamp.jsp?tp=&arnumber=6524965",
  year      = 2013
}
@article{NIR01,
  author    = "Nir, M.; Matrawy, A.; St-Hilaire, M.",
  journal   = "Computer Communications Workshops",
  month     = "April",
  pages     = "404 - 409",
  title     = "An energy optimizing scheduler for mobile cloud computing environments",
  URL       = "http://ieeexplore.ieee.org/stamp/stamp.jsp?tp=&arnumber=6849266",
  year      = 2014
}
@article{ALSA01,
  author    = "Alsalih, W.; Akl, S.; Hassancin, H.",
  journal   = "Parallel and Distributed Processing Symposium",
  month     = "April",
  title     = "Energy-aware task scheduling: towards enabling mobile computing over MANETs",
  URL       = "http://ieeexplore.ieee.org/stamp/stamp.jsp?tp=&arnumber=1420171",
  year      = 2005
}
@article{WEI01,
  author    = "Wei, J.; Ren, R.; Juarez, E.; Pescador, F.",
  journal   = "IEEE Transactions on Consumer Electronics",
  month     = "May",
  pages     = "267 - 275",
  title     = "A linux implementation of the energy-based fair queuing scheduling algorithm for battery-limited mobile systems",
  URL       = "http://ieeexplore.ieee.org/stamp/stamp.jsp?tp=&arnumber=6852003",
  year      = 2014
}
@article{PADM02,
  author    = "Padmanabhan Ray, S.; Dasgupta, P.; Chakrabarti, P.P.",
  journal   = "Annual IEEE India Conference",
  month     = "September",
  pages     = "1 - 6",
  title     = "Formal Verification of Power Scheduling Policies for Battery Powered Mobile Systems",
  URL       = "http://ieeexplore.ieee.org/stamp/stamp.jsp?tp=&arnumber=4086301",
  year      = 2006
}
@article{FAN01,
  author    = "Fan Wu, Emmanuel Agu, Clifford Lindsay",
  journal   = "International Symposium of Advances in Visual Computing",
  month     = "December",
  pages     = "624-633",
  title     = "Adaptive CPU Scheduling to Conserve Energy in Real-Time Mobile Graphics Applications",
  URL       = "http://download.springer.com/static/pdf/234/chp%253A10.1007%252F978-3-540-89639-5_60.pdf?auth66=1424629972_a0b70e41b35ac03c864c6b487aa1fc1b&ext=.pdf",
  year      = 2008
}
@article{ALMA01,
  author    = "Al-maweri A, N.A.; Samsudin B, K. ; Rokhani C, F.Z.",
  journal   = "IEEE Student Conference on Research and Development (SCOReD)",
  month     = "November",
  pages     = "85 - 88",
  title     = "Runtime CPU scheduler customization framework for a flexible mobile operating system",
  URL       = "http://ieeexplore.ieee.org/stamp/stamp.jsp?tp=&arnumber=5443304",
  year      = 2009
}
@article{KISO01,
  author    = "Kisoo Yu; Donghee Han; Changhwan Youn; Seungkon Hwang; Jaechul Lee",
  journal   = "International SoC Design Conference (ISOCC)",
  month     = "November",
  pages     = "208 - 212",
  title     = "Power-aware task scheduling for big.LITTLE mobile processor",
  URL       = "http://ieeexplore.ieee.org/stamp/stamp.jsp?tp=&arnumber=6864009",
  year      = 2013
}
@article{POHS01,
  author    = "Po-Hsien Tseng; Pi-Cheng Hsiu; Chin-Chiang Pan; Tei-Wei Kuo",
  journal   = "Design Automation Conference (DAC)",
  month     = "June",
  pages     = "1 - 6",
  title     = "User-centric energy-efficient scheduling on multi-core mobile devices",
  URL       = "http://ieeexplore.ieee.org/stamp/stamp.jsp?tp=&arnumber=6881412",
  year      = 2014
}
@article{CHO01,
  author    = "Padmanabhan",
  journal   = "symposium",
  month     = "December",
  pages     = "89102",
  title     = "OperatingSystems",
  URL       = "aaaaaaaaaaaaaaaaaaaaaaa",
  year      = 2001
}