@article{ARIUN01,
  author    = "Arian Maghazeh and Unmesh D. Bordoloi  and Adrian Horga and Petru Eles and Zebo Peng",
  journal   = "IEEE Transactions on Consumer Electronics",
  month     = "October",
  pages     = "1 - 6",
  title     = "Saving Energy without Defying Deadlines on Mobile GPU-based Heterogeneous Systems",
  URL	    = "http://ieeexplore.ieee.org/stamp/stamp.jsp?tp=\&arnumber=6971824",
 year       = 2014
}

@article{WEI01,
  author    = "Wei, J. and Ren, R. and Juarez, E. and Pescador, F.",
  journal   = "IEEE Transactions on Consumer Electronics",
  month     = "May",
  pages     = "267 - 275",
  title     = "A linux implementation of the energy-based fair queuing scheduling algorithm for battery-limited mobile systems",
  URL       = "http://ieeexplore.ieee.org/stamp/stamp.jsp?tp=\&arnumber=6852003",
  year      = 2014
}
@article{KISO01,
  author    = "Kisoo Yu and Donghee Han and Changhwan Youn and Seungkon Hwang and Jaechul Lee",
  journal   = "International SoC Design Conference (ISOCC)",
  month     = "November",
  pages     = "208 - 212",
  title     = "Power-aware task scheduling for big.LITTLE mobile processor",
  URL       = "http://ieeexplore.ieee.org/stamp/stamp.jsp?tp=\&arnumber=6864009",
  year      = 2013
}
@article{BECKER01,
  author    = "Becker, L.B. and Wehrmeister, M.A. and Pereira, C.E.",
  journal   = "Integrated Circuits and Systems Design",
  month     = "September",
  pages     = "169 - 174",
  title     = "Power and performance tuning in the synthesis of real-time scheduling algorithms for embedded applications",
  URL       = "http://ieeexplore.ieee.org/stamp/stamp.jsp?arnumber=1360564",
  year      = 2004
}
@INPROCEEDINGS{CarrollAnalysis,
    author = {Aaron Carroll and Gernot Heiser},
    title = {An analysis of power consumption in a smartphone},
    booktitle = {In Proceedings of the 2010 USENIX conference on USENIX annual technical conference},
    year = {2010}
}
@article{ALMA01,
  author    = "Al-maweri A, N.A. and Samsudin B, K. and Rokhani C, F.Z.",
  journal   = "IEEE Student Conference on Research and Development (SCOReD)",
  month     = "November",
  pages     = "85 - 88",
  title     = "Runtime CPU scheduler customization framework for a flexible mobile operating system",
  URL       = {http://ieeexplore.ieee.org/stamp/stamp.jsp?tp=\&arnumber=5443304},
  year      = 2009
}
@article{PADM01,
  author    = "Padmanabhan, Pillai and Kang G. Shin",
  journal   = "ACM symposium on Operating systems principles",
  month     = "December",
  pages     = "89 - 102",
  title     = {Real-Time Dynamic Voltage Scaling for Low-Power Embedded Operating Systems},
  URL       = {http://dl.acm.org/citation.cfm?id=502044},
  year      = 2001
}
@article{PADM02,
  author    = "Padmanabhan, Ray, S. and Dasgupta, P. and Chakrabarti, P.P.",
  journal   = "Annual IEEE India Conference",
  month     = "September",
  pages     = "1 - 6",
  title     = "Formal Verification of Power Scheduling Policies for Battery Powered Mobile Systems",
  URL       = {http://ieeexplore.ieee.org/stamp/stamp.jsp?tp=\&arnumber=4086301},
  year      = 2006
}
@article{KRISH01,
  author    = "C.M.Krishna and Y.H.Lee",
  journal   = " Real-Time Applications Systems Symposium",
  title     = "RTAS 99",
  year      = 1999
}
@article{ANDR01,
  author    = "Claudio Maia and Luis Nogueira and Luis Miguel Pinho",
  journal   = "Proceedings of 6th International Workshop on Operating Systems Platforms for Embedded Real",
  pages     = "63-70",
  title     = "Evaluating Android OS for Embedded Real-Time Systems",
  URL       = {http://www.utdallas.edu/\~cxl137330/courses/fall13/RTS/papers/4a.pdf},
  year      = 2010
}
@article{SchLnx,
  author	= "Montana University",
  journal	= "Project CSCI 560",
  title		= "Scheduling in Linux",
  URL		={http://www.cs.montana.edu/\~chandrima.sarkar/AdvancedOS/CSCI560\_Proj\_main/},
  year		= "2010"
}
@Book{MANISH,
author = {Manish Verma and Peter Marwedel},
title = {Advanced Memory Optimization Techniques for Low-Power Embedded Processors},
publisher = {Springer},
year = {2007},
address = {Dordrecht, The Netherlands}
}
@article{STAN01,
  author    = "J. Stankovic",
  journal   = "BYTE, invited paper",
  pages     = "155-160",
  title     = "Real-Time Computing",
  year      = 1992
}
@article{AVI01,
  author    = "Office of Aviation Research and Development Washington, D.C. 20591",
  journal   = "National Technical Information Service (NTIS)",
  pages     = "10-21",
  title     = "Real-Time Scheduling Analysis",
  year      = 2005
}
@article{MARGI01,
  author    = "Cintia B. Margi and Katia Obraczka and Roberto Manduchi",
  journal   = "Wireless Networks, Communications and Mobile Computing, 2005 International Conference",
  pages     = "1142 - 1147 vol.2",
  title     = "Characterizing System Level Energy Consumption in Mobile Computing Platforms",
  year      = 2005
}
@online{GITAM01,
  author = {Gitam University},
  title = {Scheduling Algorithms},
  url = "http://www.gitam.edu/eresource/comp/gvr\%28os\%29/5.3.htm",
  year = 2007
}
